@comment{hair2017,
author={Hair, Graham},
title={Model/Influence, Inovation/Sustainability and Creationism/Evolutionism in the "Post-Everything" Age},
volume={4},
number={2},
note={Science and Music Research Group, The University of Glasgow.}
}

@article{smr4editorial,
author={Bailey, Nicholas J and Hair, Graham},
title={Editorial},
volume={4},
note={Science and Music Research Group, The University of Glasgow.}
}

@article{smr4bailey.south.evens.hair,
author={Bailey, Nicholas J and South, Alex and Evans, William and Hair, Graham},
title={A Microtonal Wind Controller},
volume={4},
}

@article{smr4.manning,
author={Manning, Jane},
title={Voicing Pierrot: My Personal Journey},
volume={4},
}

@article{smr4.mays,
author={Mays, Lawrence},
title={Decoding Eighteenth-Century Italian Opera Recitative. A Comparison of La Serva Padrona set by Pergolesi (1733) and Paisiello (1781)},
volume={4},
}

@article{smr4.milligan.bailey.hair,
author={Milligan, Keziah and Bailey, Nicholas J and Hair, Graham},
title={A New Approach to Onset Detection: Towards an Empirical Grounding of Theoretical and Speculative Ideologies of Musical Performance},
volume={4},
}

@article{smr4.wigham.boehm,
author={Wigham, Philip and B{\"o}hm, Carola},
title={BazerBows: Instrument Design and Mimetic Theory},
volume={4},
}

@article{smr4.parncutt.hair,
author={Hair, Graham and Parncutt, Richard},
title={On the Ontology and Epistemology of Musical Intervals ... or Bye Bye Pythagoras},
volume={4},
}

@article{smr4.parncutttwo,
author={Parncutt, Richard},
title={The two cultures in German translation: Humanities, science, and Wissenschaft},
volume={4},
note={{Richard Parncutt, The University of Graz, Austria}}
}

@article{smr3.code,
author={Code, David},
title={The Song Triptych: Reflections on a Debussyan Genre},
volume={3},
note={{David Code, The University of Glasgow}}
}

@article{smr3.campbell,
author={Campbell, Edward},
title={The Fortunes of War, Cultural Politics and Musical Utopia through the prism of Les `Aragon' 
       by Micha{\"e}l Levinas},
volume={3},
note={{Edward Campbell, The University of Aberdeen}}
}

@article{smr3.dixon,
author={Dixon, Martin},
title={Composition and Adorno's Rhetoric of the New},
volume={3},
note={{Martin Dixon, The University of Glasgow}}
}

@article{smr3.barr,
author={Barr, Kenneth},
title={Theorizing Music Streaming: Preliminary Investigations},
volume={3},
note={{Kenneth Barr, The University of Liverpool}}
}

@article{smr3.macaulay,
author={MacAulay, Karen},
title={An Unwritten Enlightenment Scottish Musical History, and Two Reconstructed 
       Edinburgh Bookshelves},
volume={3},
note={{Karen MacAulay, The Royal Conservatoire of Scotland}}
}

@article{smr2.brennan.webster,
author={Brennan, Matt and Webster, Emma},
title={Why Concert Promoters Matter},
volume={2},
number={1},
note={{Matt Brennan and Emma Webster, Edinburgh University}}
}

@article{smr2.devine,
author={Devine, Kile},
title={The Popularity of Religious Music and the Religiosity of Popular Music},
volume={2},
number={1},
note={{Kyle Devine, Edinburgh University}}
}
@article{smr2.mckerrell,
author={Simon McKerrell},
title={Modern Scottish Bands (1970-1990): Cash as Authenticity},
volume={2},
number={1}
}
@article{smr2.mitroulia.myers,
author={Mitroulia, Eugenia and Myers, Arnold},
title={The Distin Familty as Instrument Makers and Dealers, 1845-1874},
volume={2},
number={1},
note={{Eugenia Miroulia and Arnold Myers, Edinburgh University}}
}

@article{smr2.mcgregor,
author={McGregor, Richard},
title={James McMillan's O Bone Jesu},
volume={2},
number={1},
note={{Rchard McGregor, University of Cumbria}}
}

@article{smr2.sweeney,
author={Sweeney, Bill},
title={Two Rivers: Form and Development in Edward McGuire's Source},
volume={2},
number={1},
note={{Bill Sweeney, University of Glasgow}}
}

@article{smr1.broad,
author={Broad, Stephen},
title={Messiaen: Poetics, Polemics and Politics},
volume={1},
number={1},
note={{Stephen Broad, The Royal Conservatoire of Scotland}}
}

@article{smr1.cloonan,
author={Cloonan, Martin},
title={Lessons from Down Under?: Popular Music policy and decentralised government 
       in Scotland and Australia},
volume={1},
number={1},
note={{Martin Cloonan, University of Glasgow}}
}

@article{smr1.frith,
author={Frith, Simon},
title={Live Music Matters},
volume={1},
number={1},
note={{Simon Frith, Edinburgh University}}
}

@article{smr1.wallace,
author={Wallace, John},
title={The Emancipation of the Trumpet: Louis Armstrong and the influence of jazz on
       20th Century Trumpet Performance and Composition},
volume={1},
number={1},
note={{John Wallace, The Royal Conservatoire of Scotland}}
}

@article{smr1.code,
author={Code, David},
title={Parting the Veils of Debussy's Voiles},
volume={1},
number={1},
note={{David Code, University of Glasgow}}
}

@article{smr1.hair.pearson.morrison.bailey.mcgilvray.parncutt,
author={Hair, Graham and Pearson, Ingrid and Morrison, Amanda and Bailey, Nicholas and 
        McGilvray, Douglas and Parncutt, Richard},
title={The Rosegarden Codicil: Rehearsing Music in Nineteen-Tone Equal Temperament},
volume={1},
number={1},
note={{Graham Hair, University of Glasgow}}
}

